NY000010555555551000081000080800000000000000000000000000000000000000000000000000
NY210020000000000400008688888888888000000000000000000000000000000000000000000000
NY2121300000001170604           00000000000000100          008000011688373000000
NY2121310000001NAVN                                                        00000
NY212149000000140011 Gjelder Faktura: 168837  Dato: 19/03/0400000000000000000000
NY212149000000140012                  ForfallsDato: 17/06/0400000000000000000000
NY2121300000002170604           00000000000000100          008000021688389000000
NY2121310000002NAVN                                                        00000
NY212149000000240011 Gjelder Faktura: 168838  Dato: 19/03/0400000000000000000000
NY212149000000240012                  ForfallsDato: 17/06/0400000000000000000000
NY2121300000003170604           00000000000000100          008000031688395000000
NY2121310000003NAVN                                                        00000
NY2121300000004170604           00000000000000100          008000041688401000000
NY2121310000004NAVN                                                        00000
NY2121300000005170604           00000000000000100          008000051688416000000
NY2121310000005NAVN                                                        00000
NY212149000000540011 Gjelder Faktura: 168841  Dato: 19/03/0400000000000000000000
NY212149000000540012                  ForfallsDato: 17/06/0400000000000000000000
NY2102300000006170604           00000000000000100          008000061688422000000
NY2102310000006NAVN                                                        00000
NY210088000000060000002000000000000000600170604170604000000000000000000000000000
NY000089000000060000002200000000000000600170604000000000000000000000000000000000
