NY000010000080801091949000102000000000000000000000000000000000000000000000000000
NY212420000000000000000299991042764000000000000000000000000000000000000000000000
NY21947000000011          000112000507155J00000000000000000000000000000000000000
NY21947000000021          001006300507304N00000000000000000000000000000000000000
NY21947000000031          001020200507462J00000000000000000000000000000000000000
NY21947000000041          001026300507518J00000000000000000000000000000000000000
NY21947000000051          001044400507783J00000000000000000000000000000000000000
NY21947000000061          001045000507792N00000000000000000000000000000000000000
NY21947000000071          001057800507922N00000000000000000000000000000000000000
NY21947000000081          001060300509570J00000000000000000000000000000000000000
NY21947000000091          001087600508176J00000000000000000000000000000000000000
NY21947000000101          001105600508416J00000000000000000000000000000000000000
NY21947000000111          001123000508621J00000000000000000000000000000000000000
NY21947000000121          001124000508637J00000000000000000000000000000000000000
NY21947000000131          001138900509107N00000000000000000000000000000000000000
NY21947000000141          001143700509281J00000000000000000000000000000000000000
NY21947000000151          001146800509317J00000000000000000000000000000000000000
NY21947000000161          001186100509492N00000000000000000000000000000000000000
NY212488000000160000001800000000000000000000000000000000000000000000000000000000
NY000089000000160000002000000000000000000190417000000000000000000000000000000000
