NY000010000080800170031000102000000000000000000000000000000000000000000000000000
NY090020001008566000000299991042764000000000000000000000000000000000000000000000
NY09213000000012001921320101464000000000000102000                  0000531000000
NY092131000000196368271940990385620000000160192999905123410000000000000000000000
NY0921320000001Foo bar baz                             0000000000000000000000000
NY09103000000022001921320101464000000000000102000                  0036633000000
NY091031000000297975960160975960161883206160192999910055240000000000000000000000
NY09103000000032001921320101464000000000000056000                  0048763000000
NY091031000000397975816750975816751883206170192999910427640000000000000000000000
NY09103000000042001921320101464000000000000102000                  0063851000000
NY091031000000497975857600975857601883206170192999910055240000000000000000000000
NY09103000000052001921320101464000000000000102000                  0120243000000
NY091031000000597975915790975915791883206170192999905678980000000000000000000000
NY09103000000062001921320101464000000000000056000                  0165867000000
NY091031000000697975851090975851091883206160192999910427640000000000000000000000
NY09103000000072001921320101464000000000000102000                  0178357000000
NY091031000000797975848550975848551883206160192999910055240000000000000000000000
NY09113000000082001921320101570000000000000150000           02212291038306000000
NY091131000000896000000006001553800000000200192999995455280000000000000000000000
NY09123000000092001921320101570000000000000120000           02311291038304000000
NY091231000000900000000000010201690000000000000999910154060000000000000000000000
NY09133000000102001921320101570000000000000055000           02310291038308000000
NY091331000001000000000002206638000000000000000999910175300000000000000000000000
NY09113000000112001921320231570000000000000194300                000149012000000
NY091131000001196000000006001552110000000200192999905080340000000000000000000000
NY09123000000122001921320231570000000000000100000           01211291038306000000
NY091231000001200000000000010201690000000000000999905080340000000000000000000000
NY09133000000132001921320231570000000000000050000           02111291038305000000
NY091331000001300000000000320663700000000000000999905230840000000000000000000000
NY09133000000142001921320335572000000000002050000           02321291038303000000
NY091331000001400000000000250663700000000000000999905100550000000000000000000000
NY09133000000152001921320941570000000000000550000           02331291038302000000
NY091331000001500000000007974896260000000000000999910111250000000000000000000000
NY09133000000162001921320941570000000000001050000           02341291038301000000
NY091331000001600000000000281163700000000000000999995455280000000000000000000000
NY09103000000172001921320941570000000000000064400           02358291038305000000
NY091031000001700000000002806638000000000000000999995455280000000000000000000000
NY09103000000182001921320904514000000000000056400           02311291029238000000
NY091031000001896367780030913067140000000170192999910154060000000000000000000000
NY09103000000192001921320904514000000000000028800           02311291034832000000
NY091031000001996367778210976949990000000160192999910080340000000000000000000000
NY09103000000202001921320904514000000000000054000           02311291133188000000
NY091031000002096367781170913088610000000170192999910111250000000000000000000000
NY090088000000200000004300000000005144900200192200192200192000000000000000000000
NY000089000000200000004500000000005144900200192000000000000000000000000000000000
